%Related works

@inproceedings{raftAlg,
	author = {Ongaro, Diego and Ousterhout, John},
	title = {In Search of an Understandable Consensus Algorithm},
	booktitle = {Proceedings of the 2014 USENIX Conference on USENIX Annual Technical Conference},
	series = {USENIX ATC'14},
	year = {2014},
	isbn = {978-1-931971-10-2},
	location = {Philadelphia, PA},
	pages = {305--320},
	numpages = {16},
	acmid = {2643666},
	publisher = {USENIX Association},
	address = {Berkeley, CA, USA},
} 


@article{DL_lite,
author = {Konev, Boris and Lutz, Carsten and Ozaki, Ana and Wolter, Frank},
year = {2017},
month = {09},
pages = {},
title = {Exact Learning of Lightweight Description Logic Ontologies},
volume = {18},
journal = {Journal of Machine Learning Research}
}

@inproceedings{DBLP:conf/icml/FrazierP93,
  author={Michael Frazier and Leonard Pitt},
  title={Learning From Entailment: An Application to Propositional Horn Sentences},
  year={1993},
  cdate={725846400000},
  pages={120-127},
  url={https://doi.org/10.1016/b978-1-55860-307-3.50022-8},
  booktitle={ICML},
  crossref={conf/icml/1993}
}

@article{DBLP:journals/ml/AngluinFP92,
  author    = {Dana Angluin and
               Michael Frazier and
               Leonard Pitt},
  title     = {Learning Conjunctions of Horn Clauses},
  journal   = {Mach. Learn.},
  volume    = {9},
  pages     = {147--164},
  year      = {1992}
}
